@misc{usitt-faq,
  key          = "USITT",
  title        = "DMX512 FAQ",
  organization = "USITT",
  url          = "http://old.usitt.org/DMX512FAQ.aspx",
  lastchecked  = "June 15th, 2017",
}

@book{showtec-dmx-merge,
  key       = "Showtec",
  title     = "DMX Merge Manual",
  publisher = "Showtec",
  edition   = "Version 2",
  url       = "http://www.highlite.nl/silver.download/Documents%40extern%40Manuals/50359_MANUAL_GB_V2.pdf",
  year      = 2015,
}

@book{vxco-dmxcreator-manual,
  key       = "VXCO Lighting Systems",
  title     = "DMXCreator Manual",
  publisher = "VXCO Lighting Systems",
  edition   = "Version 2.2",
  url       = "http://www.dmx512.ch/download/dmxcreator_manual_e_22.pdf",
  year      = 2011,
}

@book{esta-dmx512-a,
  key       = "ESTA",
  title	    = "ANSI E1.11 – DMX512-A Asynchronous Serial Digital Data Transmission Standard for Controlling Lighting Equipment and Accessories",
  publisher = "Entertainment Services and Technology Association",
  url       = "http://tsp.esta.org/tsp/documents/docs/ANSI-ESTA_E1-11_2008R2013.pdf",
  year      = "2008 (R2013)",
}

@book{esta-sacn,
  key       = "ESTA",
  title	    = "ANSI E1.31 — Lightweight streaming protocol for transport of DMX512 using ACN",
  publisher = "Entertainment Services and Technology Association",
  url       = "http://tsp.esta.org/tsp/documents/docs/E1-31-2016.pdf",
  year      = 2016,
}

@book{bennette-practice,
  author    = "Adam Bennette",
  title     = "Recommended Practice for DMX512 – A guide for users and installers",
  publisher = "PLASA",
  isbn      = "978-0-9557035-2-2",
  edition   = "2nd Edition",
  month     = 7,
  year      = 2012,
}

@book{artistic-licence-art-net4,
  key       = "Artistic Licence",
  title     = "Art-Net 4 – Specification for the Art-Net 4 Ethernet Communication Protocol",
  publisher = "Artistic Licence",
  edition   = "Protocol Release V1.4, Revision 1.4dd",
  url       = "http://www.artisticlicence.com/WebSiteMaster/User%20Guides/art-net.pdf",
  year      = 2017,
}

@book{texas-instruments-eia-485,
  key       = "TII",
  title     = "Interface Circuits for TIA/EIA-485 (RS-485)",
  publisher = "Texas Instruments Inc.",
  url       = "http://www.ti.com/lit/an/slla036d/slla036d.pdf",
  year      = 2008,
}

@book{dembowski-raspi,
  author    = "Klaus Dembowski",
  title     = "Raspberry Pi - Das technische Handbuch: Konfiguration, Hardware, Applikationserstellung",
  edition   = "2., erweiterte und überarbeitete Auflage",
  publisher = "Springer Vieweg",
  year      = "2015",
  isbn      = "978-3-658-08710-4",
}

@book{broadcom-bcm2835,
  key         = "Broadcom",
  title       = "BCM2835 ARM Peripherals",
  publisher   = "Broadcom",
  url         = "https://www.raspberrypi.org/documentation/hardware/raspberrypi/bcm2835/BCM2835-ARM-Peripherals.pdf",
  lastchecked = "September 14th, 2017",
  year        = 2012,
}

@book{sn75176b,
  key         = "TI",
  title       = "SNx5176B Differential Bus Transceivers",
  publisher   = "TI",
  edition     = "Rev. F",
  url         = "http://www.ti.com/lit/ds/symlink/sn75176b.pdf",
  year        = 2015,
}

@book{dmxcontrol-nodle-u1,
  key         = "DMXControl",
  title       = "Nodle U1 Bau- und Bedienungsanleitung",
  publisher   = "DMXControl Projects e.V.",
  edition     = "Rev. 1.0",
  url         = "http://www.dmxcontrol-projects.org/component/phocadownload/category/1-verein.html?download=3:nodle-u1",
  year        = 2013,
}

@article{lsa-dmx-tester,
  author      = "Michael Hesmond",
  title       = "Build your own DMX tester: With Open Lighting Architecture and Raspberry Pi",
  journal     = "Lighting{\&}Sound America",
  volume      = "Summer 2015",
  publisher   = "PLASA",
  url         = "http://www.lightingandsoundamerica.com/mailing/PLASAProtocol/PSummer2015_BuildYourOwnDMXTester.pdf",
  year        = 2015,
}

@misc{using-ola,
  key          = "OLP",
  title        = "Using OLA",
  organization = "Open Lighting Project",
  url          = "https://wiki.openlighting.org/index.php/Using_OLA",
  lastchecked  = "October 25th, 2017",
}

@misc{raspberrypi-uart,
  key          = "RPi",
  title        = "The Raspberry Pi UARTs",
  organization = "Raspberry Pi Foundation",
  url          = "https://www.raspberrypi.org/documentation/configuration/uart.md",
  lastchecked  = "November 14th, 2017",
}

@techreport{rfc1700,
  author       = "J. Reynolds and J. Postel",
  title        = "Assigned Numbers",
  howpublished = "Internet Requests for Comments",
  type         = "RFC",
  number       = "1700",
  year         = "1994",
  month        = "October",
  issn         = "2070-1721",
  publisher    = "RFC Editor",
  institution  = "RFC Editor",
  url          = "https://www.ietf.org/rfc/rfc1700.txt",
}
